% https://ieeexplore.ieee.org/document/5958022
@INPROCEEDINGS{5361303,
  author={Lin, Lang and Burleson, Wayne and Paar, Christof},
  booktitle={2009 IEEE/ACM International Conference on Computer-Aided Design - Digest of Technical Papers}, 
  title={MOLES: Malicious off-chip leakage enabled by side-channels}, 
  year={2009},
  volume={},
  number={},
  pages={117-122},
  keywords={Hardware;Space exploration;Cryptography;CMOS technology;Integrated circuit noise;Power generation economics;Economic forecasting;Electronics industry;Fabrication;Foundries},
  doi={}}
@INPROCEEDINGS{5504712,
  author={Hicks, Matthew and Finnicum, Murph and King, Samuel T. and Martin, Milo M. K. and Smith, Jonathan M.},
  booktitle={2010 IEEE Symposium on Security and Privacy}, 
  title={Overcoming an Untrusted Computing Base: Detecting and Removing Malicious Hardware Automatically}, 
  year={2010},
  volume={},
  number={},
  pages={159-172},
  keywords={Hardware;Circuit testing;Computer security;Process design;Runtime;Costs;Logic;Algorithm design and analysis;Privacy;Arm},
  doi={10.1109/SP.2010.18}}
@INPROCEEDINGS{5958022,
  author={Sturton, Cynthia and Hicks, Matthew and Wagner, David and King, Samuel T.},
  booktitle={2011 IEEE Symposium on Security and Privacy}, 
  title={Defeating UCI: Building Stealthy and Malicious Hardware}, 
  year={2011},
  volume={},
  number={},
  pages={64-77},
  keywords={Logic gates;Hardware;Testing;Algorithm design and analysis;Wires;Open source software;Security;hardware;security;attack},
  doi={10.1109/SP.2011.32}}
@INPROCEEDINGS{6581574,
  author={Zhang, Jie and Xu, Qiang},
  booktitle={2013 IEEE International Symposium on Hardware-Oriented Security and Trust (HOST)}, 
  title={On hardware Trojan design and implementation at register-transfer level}, 
  year={2013},
  volume={},
  number={},
  pages={107-112},
  keywords={Hardware;Design methodology;Integrated circuit modeling;Security;Measurement;Radiation detectors},
  doi={10.1109/HST.2013.6581574}}
@online{csdnverdicov,
title="Verdi/Coverage tool \begin{CJK*}{UTF8}{bkai}學習\end{CJK*} \begin{CJK*}{UTF8}{bkai}第\end{CJK*}3\begin{CJK*}{UTF8}{bkai}節（常用編譯仿真選項篇）\end{CJK*}\_verdi coverage-CSDN\begin{CJK*}{UTF8}{bkai}博客\end{CJK*}",
url="https://blog.csdn.net/qq_16423857/article/details/120351452",
}
@online{ytverdiprep,
title="Data Preparation for Verdi | Synopsys",
url="https://www.youtube.com/watch?v=SGiSNNCVk4Y"
}
@online{ytverdicov,
title="A Quick Tour of Verdi Coverage | Synopsys",
url="https://www.youtube.com/watch?v=MUx_MtxZByY"
}
@online{gnumake,
title="GNU Make Manual",
url="https://www.gnu.org/software/make/manual/",
year="2023",
month="2"
}